@misc{christiansen2023emergent,
      title={Emergent Quasi-Bosonicity in Interacting Fermi Gases}, 
      author={Martin Ravn Christiansen},
      year={2023},
      eprint={2301.12817},
      archivePrefix={arXiv},
      primaryClass={math-ph}
}
@misc{benedikter2024momentumdistributionfermigas,
      title={Momentum Distribution of a Fermi Gas in the Random Phase Approximation}, 
      author={Niels Benedikter and Sascha Lill},
      year={2024},
      eprint={2310.02706},
      archivePrefix={arXiv},
      primaryClass={math-ph},
      url={https://arxiv.org/abs/2310.02706}, 
}